@misc{contextmapper,
    author = {{Context Mapper Team}},
    title = {{Context Mapper: Domain-Driven Design Tool}},
    howpublished = {\url{https://contextmapper.org/}},
    year = {2017},
}

@phdthesis{kapferer2020,
  author    = {Stefan Kapferer},
  title     = {A Modeling Framework for Strategic Domain-driven Design and Service Decomposition},
  school    = {HSR Hochschule für Technik Rapperswil},
  year      = {2020},
  url       = {https://eprints.ost.ch/id/eprint/821/1/HS19-MSE-Master-Thesis-Report-PUBLIC-Stefan-Kapferer-SDDD-Modeling-Framework.pdf}
}

@online{mdslMedium2021,
  author    = {Doc SoC},
  title     = {Domain-Driven Service Design with Context Mapper and MDSL},
  year      = {2021},
  url       = {https://medium.com/olzzio/domain-driven-service-design-with-context-mapper-and-mdsl-d5a0fc6091c2}
}

@online{ozimmer2022,
  author    = {Oliver Zimmer},
  title     = {Domain-Driven Design in Practice — Experience with Context Mapper},
  year      = {2022},
  url       = {https://ozimmer.ch/modeling/2022/11/23/ContextMapperInsights.html}
}

@misc{contextMapperGitHub,
  author    = {Context Mapper},
  title     = {Context Mapper GitHub Repository},
  year      = {Unknown},
  howpublished = {\url{https://github.com/ContextMapper}}
}

@book{evans2003,
  author    = {Eric Evans},
  title     = {Domain-Driven Design — Tackling Complexity in the Heart of Software},
  year      = {2003},
  publisher = {Addison-Wesley}
}

@book{vernon2013,
  author    = {Vaughn Vernon},
  title     = {Implementing Domain-Driven Design},
  year      = {2013},
  publisher = {Addison-Wesley}
}

@article{articleDDD,
author = {Hippchen, Benjamin and Giessler, Pascal and Steinegger, Roland and Schneider, Michael and Abeck, Sebastian},
year = {2017},
month = {12},
pages = {432 - 445},
title = {Designing Microservice-Based Applications by Using a Domain-Driven Design Approach},
volume = {10},
journal = {International Journal on Advances in Software (1942-2628)}
}

@online{openapi_spec,
    author = {OpenAPI Initiative},
    year = {2010},
    title = {OpenAPI Specification},
    url = {https://www.openapis.org/}
}

@misc{insuranceExampleGitHub,
  author       = {Context Mapper},
  title        = {Context Mapper Examples - Insurance Example},
  howpublished = {\url{https://github.com/ContextMapper/context-mapper-examples/tree/master/src/main/cml/insurance-example}}
}

@online{contextMapperDiscoveryDocs,
  author    = {Context Mapper},
  title     = {Context Mapper Discovery Documentation},
  url       = {https://contextmapper.org/docs/reverse-engineering/}
}

@misc{contextMapperDiscoveryGitHub,
  author       = {Context Mapper},
  title        = {Context Mapper Discovery GitHub Repository},
  howpublished = {\url{https://github.com/ContextMapper/context-map-discovery}},
}

@misc{redoc,
  title = {ReDoc GitHub},
  author = {Adam Altman and Anatolii Sieryi and Viacheslav Oprysk and Oles Matskiv and Roman Hotsiy},
  howpublished = {\url{https://github.com/Redocly/redoc}},
  note = {Accessed: [Insert Access Date]}
}

@misc{swagger_parser,
    author = {Swagger API},
    title = {Swagger Parser GitHub Repository},
    howpublished = {\url{https://github.com/swagger-api/swagger-parser}},
}

@online{docker_compose,
    author = {Docker Team},
    title = {Docker Compose},
    url = {https://docs.docker.com/compose/}
}
